@article{richards_wolf,
   author = {B. Richards and E. Wolf},
   title = {Electromagnetic diffraction in optical systems II. Structure of the image field in an aplanatic system},
   journal = {Proceedings of the Royal Society},
   pages = {358-379},
   volume = {253},
   year = {1959}
}

@article{youngworth_brown,
	author = {K. S. Youngworth and T. G. Brown},
	title = {Focusing of high numerical aperture cylindrical-vector beams},
	journal = {Optics Express},
	pages = {77-87},
	volume = {7},
	issue = {2},
	year = {2000}
}

@article{zhan,
	author = {Qiwen Zhan},
	title = {Cylindrical vector beams: from mathematical concepts to applications},
	journal = {Advances in Optics and Photonics},
	pages = {1-57},
	volume = {1},
	issue = {1},
	year = {2009}
}

@article{jordan_hall,
	author = {Rebecca Jordan and Dennis Hall},
	title = {Free space azimuthal paraxial wave equation: the azimuthal Bessel-Gauss beam solution},
	journal = {Optics Letters},
	pages = {427},
	volume = {19},
	issue = {7},
	year = {1994}
}

@article{gori,
	author = {F. Gori and G. Guattari and C. Padovani},
	title = {Bessel-Gauss beams},
	journal = {Optics Communications},
	pages = {491},
	volume = {64},
	issue = {6},
	year = {1987}
}

@book{hecht_nov,
	author = {Bert Hecht and Lukas Novotny},
	title = {Principles of Nano-Optics},
	publisher = {Cambridge University Press},
	year = {2012},
	edition = {2}
}

@book{goodman,
	author = {Joseph Goodman},
	title = {Introduciton to Fourier Optics},
	year = {2005},
	publisher = {Roberts and Company Publishers},
	edition = {3}
}